
@book{lang1995differential,
  title={Differential and Riemannian Manifolds},
  author={Lang, S.},
  isbn={9780387943381},
  lccn={94020828},
  series={Graduate Texts in Mathematics},
  url={http://books.google.de/books?id=VfxGB5nYv1MC},
  year={1995},
  publisher={Springer}
}

@book{boothby1986introduction,
  title={An Introduction to Differentiable Manifolds and Riemannian Geometry (2nd Ed)},
  author={Boothby, W.M.},
  isbn={9780121160524},
  lccn={85013327},
  series={Pure and Applied Mathematics},
  url={http://books.google.de/books?id=U19EgdcSQckC},
  year={1986},
  publisher={Elsevier Science}
}